@online{indeed,
  author = "Indeed.com",
  title = "How to Calculate Average Percentage",
  url = "https://www.indeed.com/career-advice/career-development/how-to-calculate-average-percentage",
  addendum = "(accessed: 2020-09-16)",
}

@online{robertoreif,
  author = "Roberto Reif",
  title = "Why you should be careful when averaging percentages",
  url = "https://www.robertoreif.com/blog/2018/1/7/why-you-should-be-careful-when-averaging-percentages",
  addendum = "(accessed: 2020-09-16)",
}

@online{doubleentry,
  author = "Wikipedia",
  title = "Double-entry bookkeeping",
  url = "https://en.wikipedia.org/wiki/Double-entry_bookkeeping",
  addendum = "(accessed: 2020-09-22)",
}

@online{rfc2141,
  author = "IETF",
  title = "URN Syntax",
  url = "https://tools.ietf.org/html/rfc2141",
  addendum = "(accessed: 2020-09-22)",
}

@online{rfc8141,
  author = "IETF",
  title = "Uniform Resource Names (URNs)",
  url = "https://tools.ietf.org/html/rfc8141",
  addendum = "(accessed: 2020-09-22)",
}

@online{kubecost,
  author = "kubecost",
  title = "kubecost",
  url = "https://kubecost.com/",
  addendum = "(accessed: 2020-09-22)",
}

@online{cloudtamer,
  author = "cloudtamer.io",
  title = "cloudtamer.io",
  url = "https://www.cloudtamer.io/",
  addendum = "(accessed: 2020-09-22)",
}

@Inbook{Grossi2016,
  author="Grossi, Roberto",
  editor="Kao, Ming-Yang",
  title="Enumeration of Paths, Cycles, and Spanning Trees",
  bookTitle="Encyclopedia of Algorithms",
  year="2016",
  publisher="Springer New York",
  address="New York, NY",
  pages="640--645",
  isbn="978-1-4939-2864-4",
  doi="10.1007/978-1-4939-2864-4_728",
  url="https://doi.org/10.1007/978-1-4939-2864-4_728"
}
